@article{Cressie2009,   
author = {Cressie, Noel and Calder, Catherine A. and Clark, James S. and Hoef, Jay M. Ver and Wikle, Christopher K.},
title = {Accounting for uncertainty in ecological analysis: the strengths and limitations of hierarchical statistical modeling},
journal = {Ecological Applications},
volume = {19},
number = {3},
pages = {553-570},
keywords = {Bayesian modeling, data model, design, empirical Bayes, harbor seals, MCMC, prior, process model, spatial process, spatiotemporal process},
doi = {https://doi.org/10.1890/07-0744.1},   
url = {https://esajournals.onlinelibrary.wiley.com/doi/abs/10.1890/07-0744.1},  
eprint = {https://esajournals.onlinelibrary.wiley.com/doi/pdf/10.1890/07-0744.1}, 
year = {2009}
}


@article{Shave2000,
	author = {{Chave, J.}},
	title = {Dynamique spatio-temporelle  de la for\^et tropicale},
	DOI= "10.1051/anphys:200006001",
	url= "https://doi.org/10.1051/anphys:200006001",
	journal = {Ann. Phys. Fr.},
	year = 2000,
	volume = 25,
	number = 6,
	pages = "1-184",
}

@article{Kristensen2016,
  title={TMB: automatic differentiation and Laplace approximation},
  author={Kristensen, Kasper and Nielsen, Anders and Berg, Casper W and Skaug, Hans and Bell, Brad},
  journal={arXiv preprint arXiv:1509.00660} ,
  year={2015},
  doi={https://doi.org/10.18637/jss.v070.i05}
}


@Book{Gelman2004,
  title={Bayesian data analysis},
  author={Gelman, Andrew and Carlin, John B and Stern, Hal S and Rubin, Donald B},
  year={2004},
  publisher={Chapman and Hall/CRC},
  edition={Second}
}



@article{Higdon1998,
  title={A process-convolution approach to modelling temperatures in the North Atlantic Ocean},
  author={Higdon, David},
  journal={Environmental and Ecological Statistics},
  volume={5},
  number={2},
  pages={173--190},
  year={1998},
  publisher={Springer},
  doi={https://doi.org/10.1023/A:1009666805688}
}


@article{Jonsen2003,  
author = {Jonsen, Ian D. and Myers, Ransom A. and Flemming, Joanna Mills},
title = {META-ANALYSIS OF ANIMAL MOVEMENT USING STATE-SPACE MODELS},
journal = {Ecology},
volume = {84},
number = {11},
pages = {3055-3063},
keywords = {animal movement, analysis of tracking data, Bayesian models, hierarchical, behavior, dispersal, MCMC (Markov chain Monte Carlo) methods, measurement error, meta-analysis of animal movement, migration, process noise, state-space models, WinBUGs analysis},
doi = {https://doi.org/10.1890/02-0670},   
year = {2003}
}


@article{P_Whittle1954,
    author = {WHITTLE, P.},
    title = "{ON STATIONARY PROCESSES IN THE PLANE}",
    journal = {Biometrika},
    volume = {41},
    number = {3-4},
    pages = {434-449},
    year = {1954},
    month = {12},
    issn = {0006-3444},
    doi = {10.1093/biomet/41.3-4.434},
    url = {https://doi.org/10.1093/biomet/41.3-4.434},
    eprint = {https://academic.oup.com/biomet/article-pdf/41/3-4/434/625593/41-3-4-434.pdf},
}




@article{RJ2011, 
author = {Rhodes, Jonathan R. and Jonzén, Niclas},
title = {Monitoring temporal trends in spatially structured populations: how should sampling effort be allocated between space and time?},
journal = {Ecography},
volume = {34},
number = {6},
pages = {1040-1048},
url = {https://onlinelibrary.wiley.com/doi/abs/10.1111/j.1600-0587.2011.06370.x}, 
eprint = {https://onlinelibrary.wiley.com/doi/pdf/10.1111/j.1600-0587.2011.06370.x},
year = {2011}
}


@article{Huisman1993,
 ISSN = {11009233, 16541103},
 URL = {http://www.jstor.org/stable/3235732},
 author = {J. Huisman and H. Olff and L. F. M. Fresco},
 journal = {Journal of Vegetation Science},
 number = {1},
 pages = {37--46},
 publisher = {Wiley},
 title = {A Hierarchical Set of Models for Species Response Analysis},
 urldate = {2022-06-22},
 volume = {4},
 year = {1993}
}



@article{Thorson2015,
  title={The importance of spatial models for estimating the strength of density dependence},
  author={Thorson, James T and Skaug, Hans J and Kristensen, Kasper and Shelton, Andrew O and Ward, Eric J and Harms, John H and Benante, James A},
  journal={Ecology},
  volume={96},
  number={5},
  pages={1202--1212},
  year={2015},
  publisher={Wiley Online Library},
  doi={https://doi.org/10.1890/14-0739.1}
}


@article{Pagel-Schurr2012,
  title={Forecasting species ranges by statistical estimation of ecological niches and spatial population dynamics},
  author={Pagel, J{\"o}rn and Schurr, Frank M},
  journal={Global Ecology and Biogeography},
  volume={21},
  number={2},
  pages={293--304},
  year={2012},
  publisher={Wiley Online Library}
}

@article {Edwards2020,
	author = {Edwards, Collin and Crone, Elizabeth E.},
	title = {Fitting phenological curves with Generalized Linear Mixed Models (GLMMs)},
	elocation-id = {2020.06.01.127910},
	year = {2020},
	doi = {10.1101/2020.06.01.127910},
	publisher = {Cold Spring Harbor Laboratory},
	URL = {https://www.biorxiv.org/content/early/2020/06/04/2020.06.01.127910},
	eprint = {https://www.biorxiv.org/content/early/2020/06/04/2020.06.01.127910.full.pdf},
	journal = {bioRxiv}
}

@article{Ver_Hoef1993,
  title={Multivariable spatial prediction},
  author={Ver Hoef, Jay M and Cressie, Noel},
  journal={Mathematical Geology},
  volume={25},
  number={2},
  pages={219--240},
  year={1993},
  publisher={Springer}
}



@article{Hoef1993, 
author = {Ver Hoef, Jay M. and Cressie, Noel A. C. and Glenn-Lewin, David C.},
title = {Spatial models for spatial statistics: some unification},
journal = {Journal of Vegetation Science},
volume = {4},
number = {4},
pages = {441-452},
keywords = {Autocorrelation, First-order autoregressive model, Nested ANOVA, Paired-quadrat variance, Pattern analysis, Two Term Local Variance, Variogram},
doi = {https://doi.org/10.2307/3236071},  
url = {https://onlinelibrary.wiley.com/doi/abs/10.2307/3236071},
eprint = {https://onlinelibrary.wiley.com/doi/pdf/10.2307/3236071},
year = {1993}
}




@phdthesis{Ancelet2008,
  TITLE = {{Exploring the bayesian hierarchical approach for the statistical modeling of spatial structures: application in population ecology}},
  AUTHOR = {Ancelet, Sophie},
  URL = {https://pastel.archives-ouvertes.fr/pastel-00004396},
  NUMBER = {2008AGPT0044},
  SCHOOL = {{AgroParisTech}},
  YEAR = {2008},
  MONTH = Jul,
  TYPE = {Theses},
  PDF = {https://pastel.archives-ouvertes.fr/pastel-00004396/file/these_ancelet.pdf},
  HAL_ID = {pastel-00004396},
  HAL_VERSION = {v1}
}

@article{Lindgren2011,
  title={An explicit link between Gaussian fields and Gaussian Markov random fields: the stochastic partial differential equation approach},
  author={Lindgren, Finn and Rue, H{\aa}vard and Lindstr{\"o}m, Johan},
  journal={Journal of the Royal Statistical Society: Series B (Statistical Methodology)},
  volume={73},
  number={4},
  pages={423--498},
  year={2011},
  publisher={Wiley Online Library}
}


@article{Pedersen2011,
 title = {Estimation methods for nonlinear state-space models in ecology},
journal = {Ecological Modelling},
volume = {222},
number = {8},
pages = {1394-1400},
year = {2011},
issn = {0304-3800},
doi = {https://doi.org/10.1016/j.ecolmodel.2011.01.007},
url = {https://www.sciencedirect.com/science/article/pii/S0304380011000299},
author = {M.W. Pedersen and C.W. Berg and U.H. Thygesen and A. Nielsen and H. Madsen},
keywords = {AD Model Builder, Hidden Markov model, Mixed model, Monte Carlo, Theta logistic population model, WinBUGS}
}


@article{Thorson2021,
author = {Thorson, James T. and Arimitsu, Mayumi L. and Barnett, Lewis A. K. and Cheng, Wei and Eisner, Lisa B. and Haynie, Alan C. and Hermann, Albert J. and Holsman, Kirstin and Kimmel, David G. and Lomas, Michael W. and Richar, Jon and Siddon, Elizabeth C.},
title = {Forecasting community reassembly using climate-linked spatio-temporal ecosystem models},
journal = {Ecography},
volume = {44},
number = {4},
pages = {612-625},
keywords = {empirical orthogonal function analysis, EOF, joint dynamic species distribution model, spatial community reassembly, vector autoregressive spatio-temporal model},
doi = {https://doi.org/10.1111/ecog.05471}, 
url = {https://onlinelibrary.wiley.com/doi/abs/10.1111/ecog.05471},  
eprint = {https://onlinelibrary.wiley.com/doi/pdf/10.1111/ecog.05471},
year = {2021}
}


@article{Thorson2021,
  title={Forecasting community reassembly using climate-linked spatio-temporal ecosystem models},
  author={Thorson, James T and Arimitsu, Mayumi L and Barnett, Lewis AK and Cheng, Wei and Eisner, Lisa B and Haynie, Alan C and Hermann, Albert J and Holsman, Kirstin and Kimmel, David G and Lomas, Michael W and others},
  journal={Ecography},
  volume={44},
  number={4},
  pages={612--625},
  year={2021},
  publisher={Wiley Online Library},
  doi={https://doi.org/10.1111/ecog.05471}
}

@article{Saas-Gosselin2014,
  title={Comparison of regression methods for spatially-autocorrelated count data on regularly-and irregularly-spaced locations},
  author={Saas, Yannick and Gosselin, Fr{\'e}d{\'e}ric},
  journal={Ecography},
  volume={37},
  number={5},
  pages={476--489},
  year={2014},
  publisher={Wiley Online Library}
}


@Article{Rose2021,
AUTHOR = {Rose, M. Brooke and Nagle, Nicholas N.},
TITLE = {Characterizing Forest Dynamics with Landsat-Derived Phenology Curves},
JOURNAL = {Remote Sensing},
VOLUME = {13},
YEAR = {2021},
NUMBER = {2},
ARTICLE-NUMBER = {267},
URL = {https://www.mdpi.com/2072-4292/13/2/267},
ISSN = {2072-4292},
DOI = {10.3390/rs13020267}
}


@article{Gosselin2011,
    doi = {10.1371/journal.pone.0014770},
    author = {Gosselin, Frédéric},
    journal = {PLOS ONE},
    publisher = {Public Library of Science},
    title = {A New Calibrated Bayesian Internal Goodness-of-Fit Method: Sampled Posterior p-Values as Simple and General p-Values That Allow Double Use of the Data},
    year = {2011},
    month = {03},
    volume = {6},
    url = {https://doi.org/10.1371/journal.pone.0014770},
    pages = {1-10},
    number = {3}
}

@article{Soudani2008,
title = {Evaluation of the onset of green-up in temperate deciduous broadleaf forests derived from Moderate Resolution Imaging Spectroradiometer (MODIS) data},
journal = {Remote Sensing of Environment},
volume = {112},
number = {5},
pages = {2643-2655},
year = {2008},
note = {Earth Observations for Terrestrial Biodiversity and Ecosystems Special Issue},
issn = {0034-4257},
doi = {https://doi.org/10.1016/j.rse.2007.12.004},
url = {https://www.sciencedirect.com/science/article/pii/S0034425708000060},
author = {Kamel Soudani and Guerric {le Maire} and Eric Dufrêne and Christophe François and Nicolas Delpierre and Erwin Ulrich and Sébastien Cecchini},
keywords = {Forest phenology, MODIS, NDVI time-series, MOD12Q2}
}

@article {Soudani2020,
	author = {Soudani, Kamel and Delpierre, Nicolas and Berveiller, Daniel and Hmimina, Gabriel and Pontailler, Jean-Yves and Seureau, Lou and Vincent, Gaёlle and Dufr{\^e}ne, {\'E}ric},
	title = {A survey of proximal methods for monitoring leaf phenology in temperate deciduous forests},
	elocation-id = {2020.09.24.311191},
	year = {2020},
	doi = {10.1101/2020.09.24.311191},
	publisher = {Cold Spring Harbor Laboratory},
	URL = {https://www.biorxiv.org/content/early/2020/09/25/2020.09.24.311191},
	eprint = {https://www.biorxiv.org/content/early/2020/09/25/2020.09.24.311191.full.pdf},
	journal = {bioRxiv}
}

@article{zhang2014comparative,
  title={Comparative investigation of three Bayesian p values},
  author={Zhang, Junni L},
  journal={Computational Statistics \& Data Analysis},
  volume={79},
  pages={277--291},
  year={2014},
  publisher={Elsevier},
  doi={https://doi.org/10.1016/j.csda.2014.05.012}
}

@Article{Wheeler2021,
AUTHOR = {Wheeler, K. I. and Dietze, M. C.},
TITLE = {Improving the monitoring of deciduous broadleaf phenology using the
Geostationary Operational Environmental Satellite (GOES) 16 and 17},
JOURNAL = {Biogeosciences},
VOLUME = {18},
YEAR = {2021},
NUMBER = {6},
PAGES = {1971--1985},
URL = {https://bg.copernicus.org/articles/18/1971/2021/},
DOI = {10.5194/bg-18-1971-2021}
}




@article{Soudani2008,
title = {Evaluation of the onset of green-up in temperate deciduous broadleaf forests derived from Moderate Resolution Imaging Spectroradiometer (MODIS) data},
journal = {Remote Sensing of Environment},
volume = {112},
number = {5},
pages = {2643-2655},
year = {2008},
note = {Earth Observations for Terrestrial Biodiversity and Ecosystems Special Issue},
issn = {0034-4257},
doi = {https://doi.org/10.1016/j.rse.2007.12.004},
url = {https://www.sciencedirect.com/science/article/pii/S0034425708000060},
author = {Kamel Soudani and Guerric {le Maire} and Eric Dufrêne and Christophe François and Nicolas Delpierre and Erwin Ulrich and Sébastien Cecchini},
keywords = {Forest phenology, MODIS, NDVI time-series, MOD12Q2}
}


@article{Zhang2003,
  title={Monitoring vegetation phenology using MODIS},
  author={Zhang, Xiaoyang and Friedl, Mark A and Schaaf, Crystal B and Strahler, Alan H and Hodges, John CF and Gao, Feng and Reed, Bradley C and Huete, Alfredo},
  journal={Remote sensing of environment},
  volume={84},
  number={3},
  pages={471--475},
  year={2003},
  publisher={Elsevier}
}



@article{Richardson2010,
  title={Influence of spring and autumn phenological transitions on forest ecosystem productivity},
  author={Richardson, Andrew D and Andy Black, T and Ciais, Philippe and Delbart, Nicolas and Friedl, Mark A and Gobron, Nadine and Hollinger, David Y and Kutsch, Werner L and Longdoz, Bernard and Luyssaert, Sebastiaan and others},
  journal={Philosophical Transactions of the Royal Society B: Biological Sciences},
  volume={365},
  number={1555},
  pages={3227--3246},
  year={2010},
  publisher={The Royal Society}
}

@article{Nash1970,
  title={River flow forecasting through conceptual models part I—A discussion of principles},
  author={Nash, J Eamonn and Sutcliffe, Jonh V},
  journal={Journal of hydrology},
  volume={10},
  number={3},
  pages={282--290},
  year={1970},
  publisher={Elsevier}
}



@article{Yoccoz2001,
title = {Monitoring of biological diversity in space and time},
journal = {Trends in Ecology & Evolution},
volume = {16},
number = {(8)},
pages = {446-453},
year = {2001},
issn = {0169-5347},
doi = {https://doi.org/10.1016/S0169-5347(01)02205-4},
url = {https://www.sciencedirect.com/science/article/pii/S0169534701022054},
author = {Nigel G. Yoccoz and James D. Nichols and Thierry Boulinier},
keywords = {adaptive management, detection error, probability sampling, weak inference, strong inference, biological diversity},
}

@article{Coudun2006,
title = {The derivation of species response curves with Gaussian logistic regression is sensitive to sampling intensity and curve characteristics},
journal = {Ecological Modelling},
volume = {199},
number = {2},
pages = {164-175},
year = {2006},
note = {Predicting Species Distributions},
issn = {0304-3800},
doi = {https://doi.org/10.1016/j.ecolmodel.2006.05.024},
url = {https://www.sciencedirect.com/science/article/pii/S0304380006002559},
author = {Christophe Coudun and Jean-Claude Gégout},
keywords = {Artificial data, Ecological amplitude, Ecological optimum, EcoPlant database, Forest plants, Logistic regression, pH, Species response curve, Sampling},
}



@article{Fisher2006,
title = {Green leaf phenology at Landsat resolution: Scaling from the field to the satellite},
journal = {Remote Sensing of Environment},
volume = {100},
number = {2},
pages = {265-279},
year = {2006},
issn = {0034-4257},
doi = {https://doi.org/10.1016/j.rse.2005.10.022},
url = {https://www.sciencedirect.com/science/article/pii/S0034425705003597},
author = {Jeremy Isaac Fisher and John F. Mustard and Matthew A. Vadeboncoeur},
keywords = {Green leaf phenology, Landsat vegetation and climate dynamics, Deciduous forest, New England, Microclimate, Urban heat island}
}

@article{Beck2006,
  title={Improved monitoring of vegetation dynamics at very high latitudes: A new method using MODIS NDVI},
  author={Beck, Pieter SA and Atzberger, Clement and H{\o}gda, Kjell Arild and Johansen, Bernt and Skidmore, Andrew K},
  journal={Remote sensing of Environment},
  volume={100},
  number={3},
  pages={321--334},
  year={2006},
  publisher={Elsevier}
}

@article{Chuine2017,  
author = {Chuine, Isabelle and R\'{e}gni\`{e}re, Jacques},
title = {Process-Based Models of Phenology for Plants and Animals},
journal = {Annual Review of Ecology, Evolution, and Systematics},
volume = {48},
number = {1},
pages = {159-182},
year = {2017},
doi = {10.1146/annurev-ecolsys-110316-022706},
URL = {https://doi.org/10.1146/annurev-ecolsys-110316-022706},
eprint = {https://doi.org/10.1146/annurev-ecolsys-110316-022706}
}


@incollection{Nivet2012,
  TITLE = {{Evaluation des indicateurs nationaux de biodiversit{\'e} foresti{\`e}re}},
  AUTHOR = {Nivet, C{\'e}cile and Gosselin, Marion and Chevalier, H{\'e}l{\`e}ne},
  URL = {https://hal.archives-ouvertes.fr/hal-00794558},
  BOOKTITLE = {{Les indicateurs de biodiversit{\'e} foresti{\`e}re. Synth{\`e}se des r{\'e}flexions issues du programme de recherche ''Biodiversit{\'e}, gestion foresti{\`e}re et politiques publiques''}},
  PUBLISHER = {{GIP Ecofor}},
  PAGES = {p. 41 - p. 55},
  YEAR = {2012},
  KEYWORDS = {FORET ; PEUPLEMENT FORESTIER ; BIODIVERSITE ; INDICATEUR DE BIODIVERSITE ; EVALUATION ; GESTION DURABLE ; INDICATEURS ; CRITERE},
  PDF = {https://hal.archives-ouvertes.fr/hal-00794558/file/no2012-pub00035947.pdf},
  HAL_ID = {hal-00794558},
  HAL_VERSION = {v1},
}


@article{Inouye2019,
author = {Inouye, Brian D. and Ehrlén, Johan and Underwood, Nora},
title = {Phenology as a process rather than an event: from individual reaction norms to community metrics},
journal = {Ecological Monographs},
volume = {89},
number = {2},
pages = {e01352},
keywords = {phenological distribution, phenological mismatch, phenology, reaction norm, response to climate change},
doi = {https://doi.org/10.1002/ecm.1352},  
url = {https://esajournals.onlinelibrary.wiley.com/doi/abs/10.1002/ecm.1352}, 
eprint = {https://esajournals.onlinelibrary.wiley.com/doi/pdf/10.1002/ecm.1352},
year = {2019}
}


@article{Roy2000,
  title={Phenology of British butterflies and climate change},
  author={Roy, DB and Sparks, TH},
  journal={Global change biology},
  volume={6},
  number={4},
  pages={407--416},
  year={2000},
  publisher={Wiley Online Library}
}



@article{Marra2005,
  title={The influence of climate on the timing and rate of spring bird migration},
  author={Marra, Peter P and Francis, Charles M and Mulvihill, Robert S and Moore, Frank R},
  journal={Oecologia},
  volume={142},
  number={2},
  pages={307--315},
  year={2005},
  publisher={Springer}
}

@article{Cleland2007,
  title={Shifting plant phenology in response to global change},
  author={Cleland, Elsa E and Chuine, Isabelle and Menzel, Annette and Mooney, Harold A and Schwartz, Mark D},
  journal={Trends in ecology \& evolution},
  volume={22},
  number={7},
  pages={357--365},
  year={2007},
  publisher={Elsevier}
}


